01REMESSA01COBRANCA       45430981859601300398INTELNET SERVICO DE MULTIMIDIA033SANTANDER      0811220000000000000000                                                                                                                                                                                                                                                                                   000000001
1020769242500015845430981859601300398000000000000000000000010103688747000000 40200000000000000000    000000501000000214315112200000000050000330000001N081122000000000000000171511220000000000000000000000000000000000000000100004212366479MARIA IRANI DA SILVA OLIVEIRA           RUA JOAO SOARES DE OLIVEIRA,186         NOVA ES     59215000NOVA CRUZ      RN                               I42      00 000002
9000003000000000500000000000000000000000000000000000000000000000000000000000000000000000000000000000000000000000000000000000000000000000000000000000000000000000000000000000000000000000000000000000000000000000000000000000000000000000000000000000000000000000000000000000000000000000000000000000000000000000000000000000000000000000000000000000000000000000000000000000000000000000000000000000000000000003