01REMESSA01COBRANCA       45430981859601300398INTELNET SERVICO DE MULTIMIDIA033SANTANDER      2811220000000000000000                                                                                                                                                                                                                                                                                   000000001
1020769242500015845430981859601300398000000000000000000036854403685446000000 40200000000000000000    000000502000000045528112200000000060000330000001N251022000000000000000202811220000000000000000000000000000000000000000100094223378449MARIA BERNADETE DE LIMA ALVES           PRACA DIX SEPT ROSADO,70                CENTRO      59215000NOVA CRUZ      RN                               I42      00 000002
1020769242500015845430981859601300398000000000000000000036863403686345000000 40200000000000000000    000000502000000084328112200000000050000330000001N251022000000000000000172811220000000000000000000000000000000000000000100010435530453ANTONIO BASILIO DE MELO NETO            GETULIO VARGAS,318                      CENTRO      59215000NOVA CRUZ      RN                               I42      00 000003
1020769242500015845430981859601300398000000000000000000036863503686353000000 40200000000000000000    000000502000000084328112200000000050000330000001N251022000000000000000172811220000000000000000000000000000000000000000100010435530453ANTONIO BASILIO DE MELO NETO            GETULIO VARGAS,318                      CENTRO      59215000NOVA CRUZ      RN                               I42      00 000004
1020769242500015845430981859601300398000000000000000000036868703686876000000 40200000000000000000    000000502000000106428112200000000070000330000001N251022000000000000000232811220000000000000000000000000000000000000000100022986499449MARIO JACKES FERREIRA DA SILVA          PRES. JUCELINO KAUBISCHEK,26            CENTRO      59215000NOVA CRUZ      RN                               I42      00 000005
1020769242500015845430981859601300398000000000000000000036884003688402000000 40200000000000000000    000000502000000199928112200000000050000330000001N251022000000000000000172811220000000000000000000000000000000000000000100000850779413ANTONIO EVERALDO DE LIMA JUNIOR         OSCAR FIRMINO DE MEDEIROS,162           ALTO DAS    59215000NOVA CRUZ      RN                               I42      00 000006
1020769242500015845430981859601300398000000000000000000036903503690350000000 40200000000000000000    000000502000000291828112200000000060000330000001N251022000000000000000202811220000000000000000000000000000000000000000100085063983472SEVERINO DO RAMOS FIRMINO DA SILVA      RUA JOAO GOUVEIA DA SILVA,183           CENTRO      59215000NOVA CRUZ      RN                               I42      00 000007
1020769242500015845430981859601300398000000000000000000036913903691390000000 40200000000000000000    000000502000000344928112200000000050000330000001N251022000000000000000172811220000000000000000000000000000000000000000100015521796487JOSE GILBERTO FLORIPE DE LIMA           MARIA LEDA MOUSINHO,538                 ALTO DAS FLO59215000NOVA CRUZ      RN                               I42      00 000008
1020769242500015845430981859601300398000000000000000000036922103692213000000 40200000000000000000    000000502000000378828112200000000050000330000001N251022000000000000000172811220000000000000000000000000000000000000000100007502501436LEANDRO DA SILVA PORCINO                RUA SOLDADO GENIL,146                   CIDADE DO SO59215000NOVA CRUZ      RN                               I42      00 000009
1020769242500015845430981859601300398000000000000000000036928303692833000000 40200000000000000000    000000502000000409528112200000000050000330000001N251022000000000000000172811220000000000000000000000000000000000000000100011207217417LIDIANE DE OLIVEIRA ARAUJO              RUA LUIS PEDRO DA COSTA,149                         59215000NOVA CRUZ      RN                               I42      00 000010
1020769242500015845430981859601300398000000000000000000036935003693503000000 40200000000000000000    000000502000000433128112200000000050000330000001N251022000000000000000172811220000000000000000000000000000000000000000100001755238436MARIA IONARA DA SILVA                   RUA CONEGO LUIZ ADOLFO,167              SANTA MARIA 59215000NOVA CRUZ      RN                               I42      00 000011
1020769242500015845430981859601300398000000000000000000036947203694720000000 40200000000000000000    000000502000000477328112200000000050000330000001N251022000000000000000172811220000000000000000000000000000000000000000100070833184415GUIOMAR FELIPE DA SILVA                 RUA VEREADOR JOAO PIMENTA DE MELO,328   F           59215000NOVA CRUZ      RN                               I42      00 000012
1020769242500015845430981859601300398000000000000000000036948603694860000000 40200000000000000000    000000502000000482528112200000000070000330000001N251022000000000000000232811220000000000000000000000000000000000000000100056715781400MARIA LUCAS DA SILVA                    RUA JOSE SALUSTIANO BARBOSA,48          CENTRO      59215000NOVA CRUZ      RN                               I42      00 000013
1020769242500015845430981859601300398000000000000000000036949503694950000000 40200000000000000000    000000502000000485328112200000000060000330000001N251022000000000000000202811220000000000000000000000000000000000000000100001782155465ISABEL GASPAR DA SILVA                  RUA JOAO GOUVEIA DA SILVA,94            CIDADE DO   59215000NOVA CRUZ      RN                               I42      00 000014
1020769242500015845430981859601300398000000000000000000036950003695000000000 40200000000000000000    000000502000000486428112200000000060000330000001N251022000000000000000202811220000000000000000000000000000000000000000100001767609469EWERLANE CAVALCANTE PEREIRA             RUA PROFESSOR JOSEPIO DE ALMEIDA DUARTE             59215000NOVA CRUZ      RN                               I42      00 000015
1020769242500015845430981859601300398000000000000000000036954803695484000000 40200000000000000000    000000502000000499128112200000000050000330000001N251022000000000000000172811220000000000000000000000000000000000000000100070462898407MAYKO DOUGLAS RODRIGUES DA ROCHA        RUA JOSE MORAIS DA COSTA,675            PLANALTO    59215000NOVA CRUZ      RN                               I42      00 000016
1020769242500015845430981859601300398000000000000000000036955503695557000000 40200000000000000000    000000502000000499828112200000000050000330000001N251022000000000000000172811220000000000000000000000000000000000000000100096679123453ANA CRISTINA DA CRUZ CAMBRAIA           RUA VEREADOR PEDRO TAVARES SOBRINHO,396             59215000NOVA CRUZ      RN                               I42      00 000017
1020769242500015845430981859601300398000000000000000000036966603696669000000 40200000000000000000    000000502000000540328112200000000050000330000001N251022000000000000000172811220000000000000000000000000000000000000000100070769669484EDVALDO CORDEIRO DA SILVA               RUA JOAO DE AMARO DE OLIVEIRA,350       SANTA       59215000NOVA CRUZ      RN                               I42      00 000018
1020769242500015845430981859601300398000000000000000000036967303696731000000 40200000000000000000    000000502000000542228112200000000050000330000001N251022000000000000000172811220000000000000000000000000000000000000000100008401619483JANIELE LOURENCO DOS SANTOS             RUA SEVERINO FREIRE BARBOSA,35          PLANALTO    59215000NOVA CRUZ      RN                               I42      00 000019
1020769242500015845430981859601300398000000000000000000036970303697037000000 40200000000000000000    000000502000000554728112200000000060000330000001N251022000000000000000202811220000000000000000000000000000000000000000100010113120427ISABELE DA SILVA AGUIAR                 RUA ALBERTO MARANHAO,322                SAO SABASTIA59215000NOVA CRUZ      RN                               I42      00 000020
1020769242500015845430981859601300398000000000000000000036911303691136000000 40200000000000000000    000000502000000332928112200000000070000330000001N251022000000000000000232811220000000000000000000000000000000000000000100022986286453JORICENE GOMES DA SILVA                 RUA DOUTOR MARIO NEGOCIO,49                         59215000NOVA CRUZ      RN                               I42      00 000021
1020769242500015845430981859601300398000000000000000000036962403696243000000 40200000000000000000    000000502000000523828112200000000050000330000001N251022000000000000000172811220000000000000000000000000000000000000000100062922459420MARIA DA PIEDADE DA SILVA               RUA CONEGO SEVERINO RAMALHO,230         CENTRO      59215000NOVA CRUZ      RN                               I42      00 000022
1020769242500015845430981859601300398000000000000000000036968603696863000000 40200000000000000000    000000502000000547728112200000000050000330000001N251022000000000000000172811220000000000000000000000000000000000000000100003233127480VERA LUCIA FELIPE DA COSTA              RUA SEVERINO AUGUSTO DE MORAIS,130      VIST        59215000NOVA CRUZ      RN                               I42      00 000023
1020769242500015845430981859601300398000000000000000000036972103697215000000 40200000000000000000    000000502000000560728112200000000050000330000001N251022000000000000000172811220000000000000000000000000000000000000000100070275794482WILSON DA SILVA BEZERRA                 RUA VEREADOR JOSE ABILIO DA SILVA,170   S           59215000NOVA CRUZ      RN                               I42      00 000024
1020769242500015845430981859601300398000000000000000000036842303684237000000 40200000000000000000    000000502000001103125112200000000050000330000001N201022000000000000000172511220000000000000000000000000000000000000000100009850162481TABITA SUNAMITA EUFRAZIO DA SILVA       RUA MANOEL EUFRAZIO DA SILVA,90         FREI DA     59215000NOVA CRUZ      RN                               I42      00 000025
1020769242500015845430981859601300398000000000000000000036882203688224000000 40200000000000000000    000000502000000183625112200000000060000330000001N251022000000000000000202511220000000000000000000000000000000000000000100065160223487ELENILZA FAUSTINO DA SILVA              RUA FREI SERAFIM DE CATANEA,499         SAO SEB     59215000NOVA CRUZ      RN                               I42      00 000026
1020769242500015845430981859601300398000000000000000000036922603692264000000 40200000000000000000    000000502000000381125112200000000050000330000001N251022000000000000000172511220000000000000000000000000000000000000000100026104192874MAIR BISPO DOS SANTOS                   SITIO LAGOA LIMPA,23                    ZONA RURAL  59215000NOVA CRUZ      RN                               I42      00 000027
1020769242500015845430981859601300398000000000000000000036968203696820000000 40200000000000000000    000000502000000546525112200000000050000330000001N251022000000000000000172511220000000000000000000000000000000000000000100008458568470DENILZA DA SILVA                        RUA DA PALHA,00                         NOVA DESCOBE58254000LOGRADOURO     PB                               I42      00 000028
1020769242500015845430981859601300398000000000000000000036883603688364000000 40200000000000000000    000000502000000198826112200000000060000330000001N251022000000000000000202611220000000000000000000000000000000000000000100056716079491MARIA DE LOURDES MATIAS                 JOSE ALEXANDRINO DA SILVA,141           CIDADE DO   59215000NOVA CRUZ      RN                               I42      00 000029
1020769242500015845430981859601300398000000000000000000036900803690083000000 40200000000000000000    000000502000000281626112200000000050000330000001N251022000000000000000172611220000000000000000000000000000000000000000100070235079499DANIEL SERAFIM DA COSTA                 RUA SENADOR GEORGINO AVELINO,430        SAO SE      59215000NOVA CRUZ      RN                               I42      00 000030
1020769242500015845430981859601300398000000000000000000036952003695204000000 40200000000000000000    000000502000000492426112200000000050000330000001N251022000000000000000172611220000000000000000000000000000000000000000100070751910473TAINE DA SILVA LUCIO                    RUA JOAO GOUVEIA DA SILVA,105           CIDADE DO   59215000NOVA CRUZ      RN                               I42      00 000031
1020769242500015845430981859601300398000000000000000000036961703696170000000 40200000000000000000    000000502000000521626112200000000050000330000001N251022000000000000000172611220000000000000000000000000000000000000000100005309075429EDINALVA PEDRO DE LIMA                  RUA AVELINO PEREIRA DA SILVA,38         ANTONIO     59215000NOVA CRUZ      RN                               I42      00 000032
1020769242500015845430981859601300398000000000000000000037201403720144000000 40200000000000000000    000000502000000969026112200000000050000330000001N251022000000000000000172611220000000000000000000000000000000000000000100002777264414ANTONIO BEZERRA DE FONTES               RUA JOSE SOARES DE SENA,55              FREI DAMIAO 59215000NOVA CRUZ      RN                               I42      00 000033
9000034000000017300000000000000000000000000000000000000000000000000000000000000000000000000000000000000000000000000000000000000000000000000000000000000000000000000000000000000000000000000000000000000000000000000000000000000000000000000000000000000000000000000000000000000000000000000000000000000000000000000000000000000000000000000000000000000000000000000000000000000000000000000000000000000000000034