01REMESSA01COBRANCA       45430981859601300398INTELNET SERVICO DE MULTIMIDIA033SANTANDER      0102210000000000000000                                                                                                                                                                                                                                                                                   000000001
1020769242500015845430981859601300398000000000000000000000010100000000000000 40200000000000000000    000000501000000672905022100000000050000330000001N250121000000000000000170502210000000000000000000000000000000000000000100010723064415JOAO GUEDES DE SOUZA                    RUA ANTONIO GALDINO DA COSTA,40         SANTA M     59215000NOVA CRUZ      RN                               I42      00 000002
1020769242500015845430981859601300398000000000000000000000010200000000000000 40200000000000000000    000000501000000767205012100000000055000330000001N251220000000000000000180501210000000000000000000000000000000000000000100005945187410IRIS CLARA DA FONSECA DUARTE            RUA SENADOR JESSE PINTO FREIRE,86       ALTO        59215000NOVA CRUZ      RN                               I42      00 000003
1020769242500015845430981859601300398000000000000000000000010300000000000000 40200000000000000000    000000501000000433728012100000000055000330000001N251220000000000000000182801210000000000000000000000000000000000000000100001685525407EDINELIA DA SILVA COSTA                 RUA VEREADOR PEDRO TAVARES SOBRINHO,71              59215000NOVA CRUZ      RN                               I42      00 000004
1020769242500015845430981859601300398000000000000000000000010400000000000000 40200000000000000000    000000501000000960810032100000000071500330000001N300121000000000000000241003210000000000000000000000000000000000000000100004711771484JOSEFA ALFREDO DOS SANTOS SOARES        RUA VEREADOR JOSE ANDRE DIAS,326        SALGAD      59215000NOVA CRUZ      RN                               I42      00 000005
1020769242500015845430981859601300398000000000000000000000010500000000000000 40200000000000000000    000000501000000960520032100000000187830330000001N300121000000000000000622003210000000000000000000000000000000000000000100070682192414MAYARA CAROLAYNE DUARTE DOS SANTOS      RUA JOSE BERNARDO DA SILVA,334          ALTO DAS    59215000NOVA CRUZ      RN                               I42      00 000006
1020769242500015845430981859601300398000000000000000000000010600000000000000 40200000000000000000    000000501000000264630012100000000045000330000001N251220000000000000000153001210000000000000000000000000000000000000000100010296923435CECILIO BARBOSA DE LIMA JUNIOR          RUA CONEGO LUIZ ADOLFO,108              SANTA MARIA 59215000NOVA CRUZ      RN                               I42      00 000007
1020769242500015845430981859601300398000000000000000000000010700000000000000 40200000000000000000    000000501000000808730012100000000055000330000001N251220000000000000000183001210000000000000000000000000000000000000000100005755121486MARIA ROSEMEIRE DA SILVA                RUA ALBERTO MARANHAO,126                SALGADO     59215000NOVA CRUZ      RN                               I42      00 000008
1020769242500015845430981859601300398000000000000000000000010800000000000000 40200000000000000000    000000501000000960420032100000000089830330000001N300121000000000000000302003210000000000000000000000000000000000000000100009526665457VALDECIA PEREIRA ALVES                  RUA CAMPO SANTO,111                     CENTRO      59215000NOVA CRUZ      RN                               I42      00 000009
1020769242500015845430981859601300398000000000000000000000010900000000000000 40200000000000000000    000000501000000961120032100000000089830330000001N300121000000000000000302003210000000000000000000000000000000000000000100010875532705WIARA CARLA DA SILVA SANTOS             RUA CLAUDIO HENRIQUE FERREIRA,25        ALTO D      59215000NOVA CRUZ      RN                               I42      00 000010
1020769242500015845430981859601300398000000000000000000000011000000000000000 40200000000000000000    000000501000000028305022100000000075000330000001N250121000000000000000250502210000000000000000000000000000000000000000100010155140493YAGO JONHS DA SILVA ANDRADE             RUA MARIA LEDA MOUSINHO,555                         59215000NOVA CRUZ      RN                               I42      00 000011
1020769242500015845430981859601300398000000000000000000000011100000000000000 40200000000000000000    000000501000000394615012100000000055000330000001N251220000000000000000181501210000000000000000000000000000000000000000100096511109453IVONE DE SOUZA COSTA                    RUA VINTE CINCO DE DEZEMBRO,115         ANTONIO     59215000NOVA CRUZ      RN                               I42      00 000012
1020769242500015845430981859601300398000000000000000000000011200000000000000 40200000000000000000    000000501000000394605022100000000055000330000001N250121000000000000000180502210000000000000000000000000000000000000000100096511109453IVONE DE SOUZA COSTA                    RUA VINTE CINCO DE DEZEMBRO,115         ANTONIO     59215000NOVA CRUZ      RN                               I42      00 000013
1020769242500015845430981859601300398000000000000000000000011300000000000000 40200000000000000000    000000501000000855605022100000000055000330000001N250121000000000000000180502210000000000000000000000000000000000000000100024204609449SEVERINO FAUSTINO DA SILVA              RUA SENADOR GEORGINO AVELINO,1010       FREI        59215000NOVA CRUZ      RN                               I42      00 000014
1020769242500015845430981859601300398000000000000000000000011400000000000000 40200000000000000000    000000501000000161810012100000000055000330000001N251220000000000000000181001210000000000000000000000000000000000000000100008220722460DENNISON DAIVES RIBEIRO                 RUA JOAO LUCIO DE CARVALHO,124          SAO SEBA    59215000NOVA CRUZ      RN                               I42      00 000015
1020769242500015845430981859601300398000000000000000000000011500000000000000 40200000000000000000    000000501000000617030012100000000055000330000001N251220000000000000000183001210000000000000000000000000000000000000000100001768651442LEILA HELOISE DA SILVA JERONIMO         RUA PROFESSOR MANOEL ELIAS,50           PLANALTO    59215000NOVA CRUZ      RN                               I42      00 000016
1020769242500015845430981859601300398000000000000000000000011600000000000000 40200000000000000000    000000501000000474610012100000000055000330000001N251220000000000000000181001210000000000000000000000000000000000000000100089042220449JOSILENE PEREIRA DA CUNHA               RUA JOAO FELIPE DOS ANJOS,45            CIDADE DO   59215000NOVA CRUZ      RN                               I42      00 000017
1020769242500015845430981859601300398000000000000000000000011700000000000000 40200000000000000000    000000501000000458520092000000000055000330000001N260820000000000000000182009200000000000000000000000000000000000000000100002601189401JORGE RAIMUNDO DE LIMA                  SITIO LAGOA LIMPA,53                    ZONA RURAL  59215000NOVA CRUZ      RN                               I42      00 000018
1020769242500015845430981859601300398000000000000000000000011800000000000000 40200000000000000000    000000501000000458515102000000000055000330000001N250920000000000000000181510200000000000000000000000000000000000000000100002601189401JORGE RAIMUNDO DE LIMA                  SITIO LAGOA LIMPA,53                    ZONA RURAL  59215000NOVA CRUZ      RN                               I42      00 000019
1020769242500015845430981859601300398000000000000000000000011900000000000000 40200000000000000000    000000501000000610930012100000000055000330000001N251220000000000000000183001210000000000000000000000000000000000000000100001681618427VANESSA BEATRIZ FRANCISCO DA SILVA      RUA LOURDES GESTEIRA,135                FREI DAMIAO 59215000NOVA CRUZ      RN                               I42      00 000020
1020769242500015845430981859601300398000000000000000000000012000000000000000 40200000000000000000    000000501000000960120032100000000081670330000001N300121000000000000000272003210000000000000000000000000000000000000000100071094208418JOSE RAFAEL DE SOUZA                    SITIO LAGOA DE COBRA,25                 ZONA RURAL  59227000LAGOA D'ANTA   RN                               I42      00 000021
1020769242500015845430981859601300398000000000000000000000012100000000000000 40200000000000000000    000000501000000125630012100000000075000330000001N251220000000000000000253001210000000000000000000000000000000000000000100062914936400MARIA JOSE DE SOUZA                     CONEGO LUIZ ADOLFO PASTORAL DO MENOR,               59215000NOVA CRUZ      RN                               I42      00 000022
1020769242500015845430981859601300398000000000000000000000012200000000000000 40200000000000000000    000000501000000486630012100000000055000330000001N251220000000000000000183001210000000000000000000000000000000000000000100070243761473ROSINEIDE DE LIMA TOMAZ                 RUA JOAO GOUVEIA DA SILVA,209           ALTO DAS    59215000NOVA CRUZ      RN                               I42      00 000023
1020769242500015845430981859601300398000000000000000000000012300000000000000 40200000000000000000    000000501000000319830012100000000058980330000001N251220000000000000000193001210000000000000000000000000000000000000000100004385917477ROBERTO CARLOS MENDES BARBOSA           RUA MONTE ALEGRE,359                    PORTAL DO AG59215000NOVA CRUZ      RN                               I42      00 000024
1020769242500015845430981859601300398000000000000000000000012400000000000000 40200000000000000000    000000501000000925610022100000000055000330000001N250121000000000000000181002210000000000000000000000000000000000000000100011354140419PRISCILA PEDRO DA SILVA                 SITIO LAGOA LIMPA,1610                  ZONA RURAL  59215000NOVA CRUZ      RN                               I42      00 000025
1020769242500015845430981859601300398000000000000000000000012500000000000000 40200000000000000000    000000501000000022009022100000000055000330000001N250121000000000000000180902210000000000000000000000000000000000000000100004235270451SEBASTIANA MANOEL DA SILVA              SITIO LAGOA LIMPA,SN                    ZONA RURAL  59215000NOVA CRUZ      RN                               I42      00 000026
1020769242500015845430981859601300398000000000000000000000012600000000000000 40200000000000000000    000000501000000219805012100000000055000330000001N251220000000000000000180501210000000000000000000000000000000000000000100096949074468MARCIA MARIA PEREIRA TOSCANO            RUA DJALMA DUTRA,157                    CENTRO      59215000NOVA CRUZ      RN                               I42      00 000027
1020769242500015845430981859601300398000000000000000000000012700000000000000 40200000000000000000    000000501000000365630012100000000055000330000001N251220000000000000000183001210000000000000000000000000000000000000000100004169035410NAELSON SOARES DE ARAUJO                RUA JULIA BARBOSA DE CARVALHO,04        CENTRO      59215000NOVA CRUZ      RN                               I42      00 000028
1020769242500015845430981859601300398000000000000000000000012800000000000000 40200000000000000000    000000501000000097630012100000000055000330000001N251220000000000000000183001210000000000000000000000000000000000000000100004364265446ANDRE CORCINO ALVES DE MORAIS           FRANCO DE OLIVEIRA,353                  SAO SEBASTIA59215000NOVA CRUZ      RN                               I42      00 000029
1020769242500015845430981859601300398000000000000000000000012900000000000000 40200000000000000000    000000501000000424230012100000000055000330000001N251220000000000000000183001210000000000000000000000000000000000000000100056711549449CILENE DE LIMA DA SILVA                 RUA SILVANO BEZERRA NETO,197            ALTO DAS F  59215000NOVA CRUZ      RN                               I42      00 000030
1020769242500015845430981859601300398000000000000000000000013000000000000000 40200000000000000000    000000501000000723130012100000000055000330000001N251220000000000000000183001210000000000000000000000000000000000000000100006546852403ANDERLEY SERGIO DA SILVA BEZERRA        RUA SILVINO FERREIRA DA SILVA,53        SANTA       59215000NOVA CRUZ      RN                               I42      00 000031
1020769242500015845430981859601300398000000000000000000000013100000000000000 40200000000000000000    000000501000000777105012100000000055000330000001N251220000000000000000180501210000000000000000000000000000000000000000100008319864410ELIANE FABRICIO DA SILVA                RUA JOSE ALEXANDRINO DA SILVA,30        CIDADE      59215000NOVA CRUZ      RN                               I42      00 000032
1020769242500015845430981859601300398000000000000000000000013200000000000000 40200000000000000000    000000501000000405210012100000000055000330000001N251220000000000000000181001210000000000000000000000000000000000000000100040102337888ZAQUEU MANDU DA SILVA                   RUA FELIPE CAMARAO,85                   SALGADO     59215000NOVA CRUZ      RN                               I42      00 000033
1020769242500015845430981859601300398000000000000000000000013300000000000000 40200000000000000000    000000501000000682530012100000000055000330000001N251220000000000000000183001210000000000000000000000000000000000000000100011096275481DANILO RIBEIRO DA SILVA                 RUA JOSE MARQUES MOREIRA,388            ALTO DAS F  59215000NOVA CRUZ      RN                               I42      00 000034
1020769242500015845430981859601300398000000000000000000000013400000000000000 40200000000000000000    000000501000000203930012100000000055000330000001N251220000000000000000183001210000000000000000000000000000000000000000100001663199450HARLAN BEZERRIL JUNIOR                  MANOEL BERNARDO DE OLIVEIRA,113         CONJUNT     59215000NOVA CRUZ      RN                               I42      00 000035
1020769242500015845430981859601300398000000000000000000000013500000000000000 40200000000000000000    000000501000000617130012100000000055000330000001N251220000000000000000183001210000000000000000000000000000000000000000100096675080482CRISTINA BASILIO DUARTE                 RUA DOIS DE FEVEREIRO,169               SALGADO     59215000NOVA CRUZ      RN                               I42      00 000036
1020769242500015845430981859601300398000000000000000000000013600000000000000 40200000000000000000    000000501000000596830012100000000055000330000001N251220000000000000000183001210000000000000000000000000000000000000000100007242710405JOSINALDO CRUZ DE SOUZA                 RUA PANTALEAO JUSTINO DE LIMA,0         PLANALT     59215000NOVA CRUZ      RN                               I42      00 000037
1020769242500015845430981859601300398000000000000000000000013700000000000000 40200000000000000000    000000501000000475730012100000000050000330000001N251220000000000000000173001210000000000000000000000000000000000000000100006904786400TIAGO PEDRO DA SILVA                    RUA FRANCISCO CAETANO FILHO,176         CIDADE      59215000NOVA CRUZ      RN                               I42      00 000038
1020769242500015845430981859601300398000000000000000000000013800000000000000 40200000000000000000    000000501000000475710012100000000045000330000001N251220000000000000000151001210000000000000000000000000000000000000000100006904786400TIAGO PEDRO DA SILVA                    RUA FRANCISCO CAETANO FILHO,176         CIDADE      59215000NOVA CRUZ      RN                               I42      00 000039
1020769242500015845430981859601300398000000000000000000000013900000000000000 40200000000000000000    000000501000000320205012100000000055000330000001N251220000000000000000180501210000000000000000000000000000000000000000100046561811453RUBEM ARRUDA CAMARA SOBRINHO            RUA INDUSTRIAL JOSE DE BRITO,860        SAO SE      59215000NOVA CRUZ      RN                               I42      00 000040
1020769242500015845430981859601300398000000000000000000000014000000000000000 40200000000000000000    000000501000000838510012100000000055000330000001N251220000000000000000181001210000000000000000000000000000000000000000100070531091430JOYCE PALHARES FERREIRA                 RUA NESTOR MARINHO,197                  CENTRO      59215000NOVA CRUZ      RN                               I42      00 000041
1020769242500015845430981859601300398000000000000000000000014100000000000000 40200000000000000000    000000501000000488715012100000000075000330000001N251220000000000000000251501210000000000000000000000000000000000000000100091478340487JOAO BATISTA DE MELO SILVA              RUA SENADOR GEORGINO AVELINO,650        SAO SE      59215000NOVA CRUZ      RN                               I42      00 000042
1020769242500015845430981859601300398000000000000000000000014200000000000000 40200000000000000000    000000501000000854010012100000000050000330000001N251220000000000000000171001210000000000000000000000000000000000000000100009396696412GLEICIANE SOARES BEZERRA                RUA SEVERINO AUGUSTO DE MORAIS,0        VISTA       59215000NOVA CRUZ      RN                               I42      00 000043
1020769242500015845430981859601300398000000000000000000000014300000000000000 40200000000000000000    000000501000000763015012100000000055000330000001N251220000000000000000181501210000000000000000000000000000000000000000100002978625457REJANE BARBOSA DA SILVA CAVALCANTE      RUA SENADOR GEORGINO AVELINO,282        SAO SE      59215000NOVA CRUZ      RN                               I42      00 000044
1020769242500015845430981859601300398000000000000000000000014400000000000000 40200000000000000000    000000501000000461906012100000000050000330000001N251220000000000000000170601210000000000000000000000000000000000000000100057206589472FRANCISCO RIBEIRO BESSA                 RUA JOACY MARTINS DE LIMA,25            SAO JUDAS   59215000NOVA CRUZ      RN                               I42      00 000045
1020769242500015845430981859601300398000000000000000000000014500000000000000 40200000000000000000    000000501000000553405012100000000050000330000001N251220000000000000000170501210000000000000000000000000000000000000000100010724001468MARIA DE FATIMA DA SILVA                RUA SETE SETEMBRO,166                   CENTRO      59215000NOVA CRUZ      RN                               I42      00 000046
1020769242500015845430981859601300398000000000000000000000014600000000000000 40200000000000000000    000000501000000367430012100000000055000330000001N251220000000000000000183001210000000000000000000000000000000000000000100001821171462MARCONE DA SILVA CAVALCANTE             RUA MARIA LEDA MOUSINHO,496                         59215000NOVA CRUZ      RN                               I42      00 000047
1020769242500015845430981859601300398000000000000000000000014700000000000000 40200000000000000000    000000501000000434930012100000000055000330000001N251220000000000000000183001210000000000000000000000000000000000000000100003089376431JEANNE GOMES DA SILVA                   RUA JOAO LUCIO DE CARVALHO,90           CENTRO      59215000NOVA CRUZ      RN                               I42      00 000048
1020769242500015845430981859601300398000000000000000000000014800000000000000 40200000000000000000    000000501000000283930012100000000055000330000001N251220000000000000000183001210000000000000000000000000000000000000000100008601276482JANIELE DA SILVA OLIVEIRA               R JOACIR MARTINS DE LIMA,235            CENTRO      59215000NOVA CRUZ      RN                               I42      00 000049
1020769242500015845430981859601300398000000000000000000000014900000000000000 40200000000000000000    000000501000000763720012100000000055000330000001N251220000000000000000182001210000000000000000000000000000000000000000100001739952413ALINE DE ARAUJO                         RUA LUIZ ANTONIO BARBOSA,120            SAO JUDAS   59215000NOVA CRUZ      RN                               I42      00 000050
1020769242500015845430981859601300398000000000000000000000015000000000000000 40200000000000000000    000000501000000763720122000000000055000330000001N251120000000000000000182012200000000000000000000000000000000000000000100001739952413ALINE DE ARAUJO                         RUA LUIZ ANTONIO BARBOSA,120            SAO JUDAS   59215000NOVA CRUZ      RN                               I42      00 000051
1020769242500015845430981859601300398000000000000000000000015100000000000000 40200000000000000000    000000501000000678110081900000000055000330000001N250719000000000000000181008190000000000000000000000000000000000000000100009554838409ROSINALDO CORDEIRO DO VALE              RUA DOIS DE FEVEREIRO,60                SALGADO     59215000NOVA CRUZ      RN                               I42      00 000052
1020769242500015845430981859601300398000000000000000000000015200000000000000 40200000000000000000    000000501000000678110091900000000055000330000001N250819000000000000000181009190000000000000000000000000000000000000000100009554838409ROSINALDO CORDEIRO DO VALE              RUA DOIS DE FEVEREIRO,60                SALGADO     59215000NOVA CRUZ      RN                               I42      00 000053
1020769242500015845430981859601300398000000000000000000000015300000000000000 40200000000000000000    000000501000000357430012100000000060000330000001N251220000000000000000203001210000000000000000000000000000000000000000100008865598476MARIA JOSE DE OLIVEIRA                  RUA JOSE RAMOS DA SILVA,262                         59215000NOVA CRUZ      RN                               I42      00 000054
1020769242500015845430981859601300398000000000000000000000015400000000000000 40200000000000000000    000000501000000799405022100000000055000330000001N250121000000000000000180502210000000000000000000000000000000000000000100047224479420MARIA DE LOURDES DOS SANTOS             RUA 6 DE JULHO,193                      SAO SEBASTIA59215000NOVA CRUZ      RN                               I42      00 000055
1020769242500015845430981859601300398000000000000000000000015500000000000000 40200000000000000000    000000501000000589501022100000000027500330000001N251220000000000000000090102210000000000000000000000000000000000000000100005177003442REGINALDO LIMA DUARTE                   RUA BOM JESUS,181                       PORTAL DO AG59215000NOVA CRUZ      RN                               I42      00 000056
1020769242500015845430981859601300398000000000000000000000015600000000000000 40200000000000000000    000000501000000589510122000000000055000330000001N251120000000000000000181012200000000000000000000000000000000000000000100005177003442REGINALDO LIMA DUARTE                   RUA BOM JESUS,181                       PORTAL DO AG59215000NOVA CRUZ      RN                               I42      00 000057
1020769242500015845430981859601300398000000000000000000000015700000000000000 40200000000000000000    000000501000000810305022100000000055000330000001N250121000000000000000180502210000000000000000000000000000000000000000100004711781447OZENILDA DA SILVA PINHEIRO              RUA PRIMEIRO DE JANEIRO,16              ANTONIO PEIX59215000NOVA CRUZ      RN                               I42      00 000058
1020769242500015845430981859601300398000000000000000000000015800000000000000 40200000000000000000    000000501000000528510022100000000055000330000001N250121000000000000000181002210000000000000000000000000000000000000000100005002569420ANA ANGELICA BARBOSA                    SITIO LAGOA LIMPA,36                    ZONA RURAL  59215000NOVA CRUZ      RN                               I42      00 000059
1020769242500015845430981859601300398000000000000000000000015900000000000000 40200000000000000000    000000501000000836720012100000000055000330000001N251220000000000000000182001210000000000000000000000000000000000000000100001679963473RENATO NICACIO DA SILVA                 RUA OITO DE DEZEMBRO,212                ANTONIO PEIX59215000NOVA CRUZ      RN                               I42      00 000060
1020769242500015845430981859601300398000000000000000000000016000000000000000 40200000000000000000    000000501000000960720032100000000086170330000001N010221000000000000000282003210000000000000000000000000000000000000000100070747940401ANDRESSA GERLAINE DE ARAUJO DA SILVA    RUA PANTALEAO JUSTINO DE LIMA,34        PLANAL      59215000NOVA CRUZ      RN                               I42      00 000061
1020769242500015845430981859601300398000000000000000000000016100000000000000 40200000000000000000    000000501000000452510012100000000055000330000001N251220000000000000000181001210000000000000000000000000000000000000000100007584157459ELIANE TALITA PEREIRA DA SILVA          RUA SILVINO FERREIRA DA SILVA,26        NOVA E      59215000NOVA CRUZ      RN                               I42      00 000062
1020769242500015845430981859601300398000000000000000000000016200000000000000 40200000000000000000    000000501000000959315032100000000077000330000001N010221000000000000000251503210000000000000000000000000000000000000000100009640807451JESSYCA FERNANDES DE MEDEIROS           RUA CAPITAO JOSE DA PENHA,395           SAO SEBAS   59215000NOVA CRUZ      RN                               I42      00 000063
1020769242500015845430981859601300398000000000000000000000016300000000000000 40200000000000000000    000000501000000870620012100000000055000330000001N251220000000000000000182001210000000000000000000000000000000000000000100003525016425MARLENE DE FARIAS                       RUA PROFESSORA GRACINETE MARTINS,204    CI          59215000NOVA CRUZ      RN                               I42      00 000064
1020769242500015845430981859601300398000000000000000000000016400000000000000 40200000000000000000    000000501000000612110012100000000055000330000001N251220000000000000000181001210000000000000000000000000000000000000000100070595887449MARIA LUCIA DE OLIVEIRA                 RUA DEPUTADO MARCIO MARINHO,446         PLANALT     59215000NOVA CRUZ      RN                               I42      00 000065
1020769242500015845430981859601300398000000000000000000000016500000000000000 40200000000000000000    000000501000000159910012100000000055000330000001N251220000000000000000181001210000000000000000000000000000000000000000100077810090453CESAR SOARES DA SILVA                   13 DE MAIO,237                          CENTRO      59215000NOVA CRUZ      RN                               I42      00 000066
1020769242500015845430981859601300398000000000000000000000016600000000000000 40200000000000000000    000000501000000287815012100000000055000330000001N251220000000000000000181501210000000000000000000000000000000000000000100007255089496MARIA JOSE CANDIDO DE FREITAS           FORTUNATO JOSE GONCALVES,1244           FREI DAMI   59215000NOVA CRUZ      RN                               I42      00 000067
1020769242500015845430981859601300398000000000000000000000016700000000000000 40200000000000000000    000000501000000862805022100000000055000330000001N250121000000000000000180502210000000000000000000000000000000000000000100001811092470ROSIMEIRE ALVES DOS SANTOS              RUA CICERO MAXIMINIANO DA COSTA,56      CENT        59215000NOVA CRUZ      RN                               I42      00 000068
1020769242500015845430981859601300398000000000000000000000016800000000000000 40200000000000000000    000000501000000960605032100000000058670330000001N010221000000000000000190503210000000000000000000000000000000000000000100008552043467AELTON FERREIRA GONCALVES               TRAVESSA SENADOR GEORGINO AVELINO,130   S           59215000NOVA CRUZ      RN                               I42      00 000069
1020769242500015845430981859601300398000000000000000000000016900000000000000 40200000000000000000    000000501000000833910012100000000055000330000001N251220000000000000000181001210000000000000000000000000000000000000000100030721083404MARIA JOSE PADILHA DA SILVA             RUA SENADOR GEORGINO AVELINO,1070       FREI        59215000NOVA CRUZ      RN                               I42      00 000070
1020769242500015845430981859601300398000000000000000000000017000000000000000 40200000000000000000    000000501000000029715012100000000075000330000001N251220000000000000000251501210000000000000000000000000000000000000000100005096407454JOSE DORIAN SANTOS DE OLIVEIRA          RUA CARLOS PEREIRA MATOS,1274           FREI DAMI   59215000NOVA CRUZ      RN                               I42      00 000071
1020769242500015845430981859601300398000000000000000000000017100000000000000 40200000000000000000    000000501000000380605022100000000055000330000001N250121000000000000000180502210000000000000000000000000000000000000000100028916506468DALVANIRA GOMES DA SILVA                RUA TREZE DE MAIO,150                   CENTRO      59215000NOVA CRUZ      RN                               I42      00 000072
1020769242500015845430981859601300398000000000000000000000017200000000000000 40200000000000000000    000000501000000386605022100000000055000330000001N250121000000000000000180502210000000000000000000000000000000000000000100008133354420MARIA DA CONCEICAO MATIAS DE LIMA       RUA JOACIR MARTINS DE LIMA,0            SAO SEBAST  59215000NOVA CRUZ      RN                               I42      00 000073
1020769242500015845430981859601300398000000000000000000000017300000000000000 40200000000000000000    000000501000000354720012100000000055000330000001N251220000000000000000182001210000000000000000000000000000000000000000100011143275497LEANDRO LEONIDAS FRANCISCO DOS SANTOS   RUA JUVEMAR DA SILVEIRA BORGES,227      ALTO        59215000NOVA CRUZ      RN                               I42      00 000074
1020769242500015845430981859601300398000000000000000000000017400000000000000 40200000000000000000    000000501000000027410012100000000055000330000001N251220000000000000000181001210000000000000000000000000000000000000000100000876962401MACILDA PEDRO DA SILVA                  MARIA LEDA MOUSINHO,554                 ALTO DAS FLO59215000NOVA CRUZ      RN                               I42      00 000075
1020769242500015845430981859601300398000000000000000000000017500000000000000 40200000000000000000    000000501000000652005022100000000055000330000001N250121000000000000000180502210000000000000000000000000000000000000000100021446660400LUCILEIDE SAMUEL VICENTE                RUA FRANCO DE OLIVEIRA,337              SAO SEBASTIA59215000NOVA CRUZ      RN                               I42      00 000076
1020769242500015845430981859601300398000000000000000000000017600000000000000 40200000000000000000    000000501000000239705022100000000055000330000001N250121000000000000000180502210000000000000000000000000000000000000000100091268036404JOSE WILSON DA SILVA PRIMO              RUA PROFESSOR MANOEL ELIAS DA SILVA,300             59215000NOVA CRUZ      RN                               I42      00 000077
1020769242500015845430981859601300398000000000000000000000017700000000000000 40200000000000000000    000000501000000239705022100000000075000330000001N250121000000000000000250502210000000000000000000000000000000000000000100091268036404JOSE WILSON DA SILVA PRIMO              RUA PROFESSOR MANOEL ELIAS DA SILVA,300             59215000NOVA CRUZ      RN                               I42      00 000078
1020769242500015845430981859601300398000000000000000000000017800000000000000 40200000000000000000    000000501000000121505012100000000055000330000001N251220000000000000000180501210000000000000000000000000000000000000000100009469637461PAULA BEATRIZ LOURENCO DA COSTA         MARIA LEDA MOUSINHO,820                 ALTO DAS FLO59215000NOVA CRUZ      RN                               I42      00 000079
1020769242500015845430981859601300398000000000000000000000017900000000000000 40200000000000000000    000000501000000542105022100000000045000330000001N250121000000000000000150502210000000000000000000000000000000000000000100070857881434LUIZ FERNANDES DA SILVA                 RUA VEREADOR SEVERINO ALVES DA SILVA,68             59215000NOVA CRUZ      RN                               I42      00 000080
1020769242500015845430981859601300398000000000000000000000018000000000000000 40200000000000000000    000000501000000943205012100000000050000330000001N051220000000000000000170501210000000000000000000000000000000000000000100009485517475MARIA ANGELICA BASILIO DUARTE           RUA JOAO GOUVEIA DA SILVA,71            SAO SEBAST  59215000NOVA CRUZ      RN                               I42      00 000081
1020769242500015845430981859601300398000000000000000000000018100000000000000 40200000000000000000    000000501000000218605022100000000050000330000001N250121000000000000000170502210000000000000000000000000000000000000000100051295091453IVANEIDE BEZERRA DA COSTA               RUA SEVERINO FREIRE BARBOSA,532         PLANALT     59215000NOVA CRUZ      RN                               I42      00 000082
1020769242500015845430981859601300398000000000000000000000018200000000000000 40200000000000000000    000000501000000875915012100000000055000330000001N251220000000000000000181501210000000000000000000000000000000000000000100007138832435ALDEISE VICENTE DA SILVA                RUA VEREADOR JOSE ABILIO DA SILVA,274   S           59215000NOVA CRUZ      RN                               I42      00 000083
1020769242500015845430981859601300398000000000000000000000018300000000000000 40200000000000000000    000000501000000318520012100000000050000330000001N251220000000000000000172001210000000000000000000000000000000000000000100006018518465RAFAEL PEREIRA DE OLIVEIRA              RUA TREZE DE MAIO,40                    CENTRO      59215000NOVA CRUZ      RN                               I42      00 000084
1020769242500015845430981859601300398000000000000000000000018400000000000000 40200000000000000000    000000501000000577710012100000000055000330000001N251220000000000000000181001210000000000000000000000000000000000000000100096675160400JOSANA SANDRA DE OLIVEIRA LAURENTINO    RUA MARECHAL DUTRA,892                  ALTO DAS FLO59215000NOVA CRUZ      RN                               I42      00 000085
1020769242500015845430981859601300398000000000000000000000018500000000000000 40200000000000000000    000000501000000026105022100000000055000330000001N250121000000000000000180502210000000000000000000000000000000000000000100002954659483ELIZANGELA VICENTE DA SILVA             JOSE BERNARDO DA SILVA,64               ALTO DAS FLO59215000NOVA CRUZ      RN                               I42      00 000086
1020769242500015845430981859601300398000000000000000000000018600000000000000 40200000000000000000    000000501000000468307022100000000055000330000001N250121000000000000000180702210000000000000000000000000000000000000000100062635093415IRACEMA VALDEVINO DA SILVA              RUA JOSE ALEXANDRINO SILVA,51           CIDADE DO   59215000NOVA CRUZ      RN                               I42      00 000087
1020769242500015845430981859601300398000000000000000000000018700000000000000 40200000000000000000    000000501000000861220012100000000055000330000001N251220000000000000000182001210000000000000000000000000000000000000000100096946938453ELIANA PEREIRA DA SILVA                 RUA JOAO BALBINO,98                     PLANALTO    59215000NOVA CRUZ      RN                               I42      00 000088
1020769242500015845430981859601300398000000000000000000000018800000000000000 40200000000000000000    000000501000000518420022100000000055000330000001N250121000000000000000182002210000000000000000000000000000000000000000100001788946480FERNANDA CASSIANA CHACON COSTA          RUA LUIS PEDRO DA COSTA,40              PLANALTO    59215000NOVA CRUZ      RN                               I42      00 000089
1020769242500015845430981859601300398000000000000000000000018900000000000000 40200000000000000000    000000501000000175705022100000000055000330000001N250121000000000000000180502210000000000000000000000000000000000000000100007671566411LUCINEIDE PEREIRA DO NASCIMENTO         VEREADOR JOAO SOARES DE OLIVEIRA,20     CEN         59215000NOVA CRUZ      RN                               I42      00 000090
1020769242500015845430981859601300398000000000000000000000019000000000000000 40200000000000000000    000000501000000255215012100000000055000330000001N251220000000000000000181501210000000000000000000000000000000000000000100005247591461ALESSANDRA VIANA DE LIMA                RUA FELIPE CAMARAO,19                   SAO SEBASTIA59215000NOVA CRUZ      RN                               I42      00 000091
1020769242500015845430981859601300398000000000000000000000019100000000000000 40200000000000000000    000000501000000627520012100000000055000330000001N251220000000000000000182001210000000000000000000000000000000000000000100001752116470ROSIL FERNANDES DA SILVA                RUA LUIZ DE FRANCA VARELA,96            SANTA MARI  59215000NOVA CRUZ      RN                               I42      00 000092
1020769242500015845430981859601300398000000000000000000000019200000000000000 40200000000000000000    000000501000000736120012100000000055000330000001N251220000000000000000182001210000000000000000000000000000000000000000100071414011482MARIA RAFAELA DA SILVA                  SITIO CATOLE,0                          ZONA RURAL  59215000NOVA CRUZ      RN                               I42      00 000093
1020769242500015845430981859601300398000000000000000000000019300000000000000 40200000000000000000    000000501000000555101022100000000055000330000001N251220000000000000000180102210000000000000000000000000000000000000000100007160578406MILENE SOARES DA COSTA                  RUA DEPUTADO MARCIO MARINHO,165         SANTA M     59215000NOVA CRUZ      RN                               I42      00 000094
1020769242500015845430981859601300398000000000000000000000019400000000000000 40200000000000000000    000000501000000030601022100000000055000330000001N251220000000000000000180102210000000000000000000000000000000000000000100003511549493CLECIA CRISTIANE RODRIGUES DE SENA      RUA FELIPE CAMARAO,07                   SAO SEBASTIA59215000NOVA CRUZ      RN                               I42      00 000095
1020769242500015845430981859601300398000000000000000000000019500000000000000 40200000000000000000    000000501000000951205022100000000040000330000001N250121000000000000000130502210000000000000000000000000000000000000000100009506443408JIRLENE VICENTE SOBRINHO                RUA FELIPE CAMARAO,541                  SALGADO     59215000NOVA CRUZ      RN                               I42      00 000096
1020769242500015845430981859601300398000000000000000000000019600000000000000 40200000000000000000    000000501000000819805012100000000150000330000001N251220000000000000000500501210000000000000000000000000000000000000000100002418529436JUNIO DE LIMA BRAULIO                   RUA CICERO MAXIMINIANO DA COSTA,45      CENT        59215000NOVA CRUZ      RN                               I42      00 000097
1020769242500015845430981859601300398000000000000000000000019700000000000000 40200000000000000000    000000501000000044605022100000000055000330000001N250121000000000000000180502210000000000000000000000000000000000000000100047444053472MATIAS FRANCISCO DA COSTA JUNIOR        MARIA CAVALCANTE DE MELO,85                         59215000NOVA CRUZ      RN                               I42      00 000098
1020769242500015845430981859601300398000000000000000000000019800000000000000 40200000000000000000    000000501000000065701022100000000055000330000001N251220000000000000000180102210000000000000000000000000000000000000000100064920488491JOSE WELLINGTON PEREIRA                 RUA AV MARIA IRACEMA DA CRUZ,207        FREI D      59215000NOVA CRUZ      RN                               I42      00 000099
1020769242500015845430981859601300398000000000000000000000019900000000000000 40200000000000000000    000000501000000946005022100000000055000330000001N250121000000000000000180502210000000000000000000000000000000000000000100001780795459JOSE FERNANDO CRUZ DA SILVA             RUA DJALMA DUTRA,423                    CENTRO      59215000NOVA CRUZ      RN                               I42      00 000100
1020769242500015845430981859601300398000000000000000000000020000000000000000 40200000000000000000    000000501000000501605022100000000055000330000001N250121000000000000000180502210000000000000000000000000000000000000000100033595712404ANABEL GONCALVES DA SILVA               RUA PROFESSOR MARIO PINOT,962           ALTO DAS    59215000NOVA CRUZ      RN                               I42      00 000101
1020769242500015845430981859601300398000000000000000000000020100000000000000 40200000000000000000    000000501000000918920012100000000055000330000001N251220000000000000000182001210000000000000000000000000000000000000000100010869652486LUCINEIDE RODRIGUES DA ROCHA            RUA FREI ALBERTO CABRAL,191                         59215000NOVA CRUZ      RN                               I42      00 000102
1020769242500015845430981859601300398000000000000000000000020200000000000000 40200000000000000000    000000501000000918920022100000000055000330000001N250121000000000000000182002210000000000000000000000000000000000000000100010869652486LUCINEIDE RODRIGUES DA ROCHA            RUA FREI ALBERTO CABRAL,191                         59215000NOVA CRUZ      RN                               I42      00 000103
1020769242500015845430981859601300398000000000000000000000020300000000000000 40200000000000000000    000000501000000674820012100000000055000330000001N251220000000000000000182001210000000000000000000000000000000000000000100070225836416ROSEMERY MARQUES PEREIRA                RUA SEVERINO MARQUES MOREIRA,28         SAO JUD     59215000NOVA CRUZ      RN                               I42      00 000104
1020769242500015845430981859601300398000000000000000000000020400000000000000 40200000000000000000    000000501000000088715012100000000055000330000001N251220000000000000000181501210000000000000000000000000000000000000000100081288778449RISONEIDE BENTO DA SILVA                MARIA IRACEMA DA CRUZ COND ELIZBETE,0               59215000NOVA CRUZ      RN                               I42      00 000105
1020769242500015845430981859601300398000000000000000000000020500000000000000 40200000000000000000    000000501000000894705012100000000055000330000001N251220000000000000000180501210000000000000000000000000000000000000000100003153555494JOSE AIRES DA SILVA                     RUA SANTO ANTONIO,204                   SALGADO     59215000NOVA CRUZ      RN                               I42      00 000106
1020769242500015845430981859601300398000000000000000000000020600000000000000 40200000000000000000    000000501000000425910012100000000055000330000001N251220000000000000000181001210000000000000000000000000000000000000000100013316185763ROBISLAN DE MEDEIROS DANTAS             RUA PROFESSORA GRACINETE MARTINS,73     CID         59215000NOVA CRUZ      RN                               I42      00 000107
1020769242500015845430981859601300398000000000000000000000020700000000000000 40200000000000000000    000000501000000488001022100000000055000330000001N251220000000000000000180102210000000000000000000000000000000000000000100004973158402ROSA MARIA DA SILVA                     RUA JOACIR MARTINS DE LIMA,61           SAO JUDAS   59215000NOVA CRUZ      RN                               I42      00 000108
1020769242500015845430981859601300398000000000000000000000020800000000000000 40200000000000000000    000000501000000508501022100000000030000330000001N251220000000000000000100102210000000000000000000000000000000000000000100010397307446PAULO RODRIGUES DA SILVA                RUA ARISTOFENES FERNANDES,140           SANTA MAR   59215000NOVA CRUZ      RN                               I42      00 000109
1020769242500015845430981859601300398000000000000000000000020900000000000000 40200000000000000000    000000501000000509928022100000000055000330000001N250121000000000000000182802210000000000000000000000000000000000000000100001296039455CLAUDENORA CAVALCANTE DA SILVA          RUA CARLOS ADSON BARBOSA,397            PLANALTO    59215000NOVA CRUZ      RN                               I42      00 000110
1020769242500015845430981859601300398000000000000000000000021000000000000000 40200000000000000000    000000501000000814610012100000000055000330000001N251220000000000000000181001210000000000000000000000000000000000000000100071492607487MARINALVA FABRICIO DA SILVA             RUA PROJETADA,0                         NOVA DESCOBE59215000NOVA CRUZ      RN                               I42      00 000111
1020769242500015845430981859601300398000000000000000000000021100000000000000 40200000000000000000    000000501000000387010012100000000055000330000001N251220000000000000000181001210000000000000000000000000000000000000000100009021397463LUCIANA MARIA MARQUES DA CRUZ           RUA FREI SERAFIM DE CATANEA,07          SAO SEBA    59215000NOVA CRUZ      RN                               I42      00 000112
1020769242500015845430981859601300398000000000000000000000021200000000000000 40200000000000000000    000000501000000294305022100000000055000330000001N250121000000000000000180502210000000000000000000000000000000000000000100070222910470ANA PATRICIA DA SILVA CRUZ              PROFESSOR MARIO PINOT,20                SAO SEBASTIA59215000NOVA CRUZ      RN                               I42      00 000113
1020769242500015845430981859601300398000000000000000000000021300000000000000 40200000000000000000    000000501000000323215012100000000055000330000001N251220000000000000000181501210000000000000000000000000000000000000000100002112619470FLAVIO ANTONIO DE SOUZA                 RUA EXPEDICIONARIO ALCIDES LIMA DA CRUZ             59215000NOVA CRUZ      RN                               I42      00 000114
1020769242500015845430981859601300398000000000000000000000021400000000000000 40200000000000000000    000000501000000813401022100000000027500330000001N251220000000000000000090102210000000000000000000000000000000000000000100012577042493ALEX ASSIS DANTAS DA SILVA              RUA FELIPE PEGADO CORTEZ,100            CENTRO      59215000NOVA CRUZ      RN                               I42      00 000115
1020769242500015845430981859601300398000000000000000000000021500000000000000 40200000000000000000    000000501000000813405122000000000055000330000001N251120000000000000000180512200000000000000000000000000000000000000000100012577042493ALEX ASSIS DANTAS DA SILVA              RUA FELIPE PEGADO CORTEZ,100            CENTRO      59215000NOVA CRUZ      RN                               I42      00 000116
1020769242500015845430981859601300398000000000000000000000021600000000000000 40200000000000000000    000000501000000699615012100000000055000330000001N251220000000000000000181501210000000000000000000000000000000000000000100008405738479JAILSON FLOR DOS SANTOS                 RUA CONEGO SEVERINO RAMALHO,157         CENTRO      59215000NOVA CRUZ      RN                               I42      00 000117
1020769242500015845430981859601300398000000000000000000000021700000000000000 40200000000000000000    000000501000000853815022100000000075000330000001N250121000000000000000251502210000000000000000000000000000000000000000100008092572461GLAUCO ANDRE NUNES                      RUA FRANCO DE OLIVEIRA,15               SAO SEBASTIA59215000NOVA CRUZ      RN                               I42      00 000118
1020769242500015845430981859601300398000000000000000000000021800000000000000 40200000000000000000    000000501000000842510012100000000055000330000001N251220000000000000000181001210000000000000000000000000000000000000000100033667797800PAMELA PEREIRA DE ARAUJO                RUA JARDIM AMAZONAS,60                  CENTRO      59215000NOVA CRUZ      RN                               I42      00 000119
1020769242500015845430981859601300398000000000000000000000021900000000000000 40200000000000000000    000000501000000718505022100000000055000330000001N250121000000000000000180502210000000000000000000000000000000000000000100053410270787ALCIDES CAVALCANTE PESSOA               RUA FRANCISCO CORDEIRO DO VALE,343      PLAN        59215000NOVA CRUZ      RN                               I42      00 000120
1020769242500015845430981859601300398000000000000000000000022000000000000000 40200000000000000000    000000501000000807220012100000000055000330000001N251220000000000000000182001210000000000000000000000000000000000000000100001815311436MARCIA FELICIANO XAVIER                 RUA FRANCISCO CORDEIRO DO VALE,360      PLAN        59215000NOVA CRUZ      RN                               I42      00 000121
1020769242500015845430981859601300398000000000000000000000022100000000000000 40200000000000000000    000000501000000217415012100000000055000330000001N251220000000000000000181501210000000000000000000000000000000000000000100007463376478JOSE ANTONIO SILVA NETO                 JOSE MARQUES MOREIRA,170                ALTO DAS FLO59215000NOVA CRUZ      RN                               I42      00 000122
1020769242500015845430981859601300398000000000000000000000022200000000000000 40200000000000000000    000000501000000024401022100000000055000330000001N251220000000000000000180102210000000000000000000000000000000000000000100041408047420ESPEDITO AUGUSTINHO                     RUA ASSIS CHATEAUBRIAND,1035            SAO SEBAST  59215000NOVA CRUZ      RN                               I42      00 000123
1020769242500015845430981859601300398000000000000000000000022300000000000000 40200000000000000000    000000501000000404215012100000000055000330000001N251220000000000000000181501210000000000000000000000000000000000000000100001292848405JULIANA MARCOLINO DE LIMA               RUA FREI SERAFIM DE CATANEA,1125        SAO SE      59215000NOVA CRUZ      RN                               I42      00 000124
1020769242500015845430981859601300398000000000000000000000022400000000000000 40200000000000000000    000000501000000705205022100000000055000330000001N250121000000000000000180502210000000000000000000000000000000000000000100001509661484JOAO BATISTA DE OLIVEIRA                RUA VEREADOR JOSE ABILIO DA SILVA,203   S           59215000NOVA CRUZ      RN                               I42      00 000125
1020769242500015845430981859601300398000000000000000000000022500000000000000 40200000000000000000    000000501000000611705022100000000055000330000001N250121000000000000000180502210000000000000000000000000000000000000000100009191319480LUCEDIO DE OLIVEIRA CANDIDO             RUA VILA NOVA DESCOBERTA,0              NOVA DESCOBE59215000NOVA CRUZ      RN                               I42      00 000126
1020769242500015845430981859601300398000000000000000000000022600000000000000 40200000000000000000    000000501000000483615012100000000055000330000001N251220000000000000000181501210000000000000000000000000000000000000000100010869128450MIRTES DO VALE DA COSTA                 RUA MARECHAL DUTRA,75                   CENTRO      59215000NOVA CRUZ      RN                               I42      00 000127
1020769242500015845430981859601300398000000000000000000000022700000000000000 40200000000000000000    000000501000000603420022100000000055000330000001N250121000000000000000182002210000000000000000000000000000000000000000100001785592459ERIKA PACIFICO FELIPE                   RUA PANTALEAO JUSTINO DE LIMA,60        PLANAL      59215000NOVA CRUZ      RN                               I42      00 000128
1020769242500015845430981859601300398000000000000000000000022800000000000000 40200000000000000000    000000501000000543915012100000000055000330000001N251220000000000000000181501210000000000000000000000000000000000000000100000912483458ROSENILDA SOUZA DA CRUZ                 TV QUINZE DE NOVEMBRO,113               CENTRO      59215000NOVA CRUZ      RN                               I42      00 000129
1020769242500015845430981859601300398000000000000000000000022900000000000000 40200000000000000000    000000501000000839915012100000000055000330000001N251220000000000000000181501210000000000000000000000000000000000000000100001394286406JADSON GOMES ARAUJO                     RUA SEVERINO FELIPE DA SILVA,2021       LOTEA       59215000NOVA CRUZ      RN                               I42      00 000130
1020769242500015845430981859601300398000000000000000000000023000000000000000 40200000000000000000    000000501000000955005022100000000055000330000001N070121000000000000000180502210000000000000000000000000000000000000000100001914241452FRANCISCA TEIXEIRA DA SILVA             SITIO BOQUEIRAO,0                       ZONA RURAL  59215000NOVA CRUZ      RN                               I42      00 000131
1020769242500015845430981859601300398000000000000000000000023100000000000000 40200000000000000000    000000501000000947005022100000000055000330000001N250121000000000000000180502210000000000000000000000000000000000000000100001357779410SANDRA MARIA DA SILVA                   SITIO LAGOA LIMPA,0                     ZONA RURAL  59215000NOVA CRUZ      RN                               I42      00 000132
1020769242500015845430981859601300398000000000000000000000023200000000000000 40200000000000000000    000000501000000835005012100000000055000330000001N251220000000000000000180501210000000000000000000000000000000000000000100050068466404SUTIA MARIA DIOGENES                    RUA DEMOCRITA SE SOUZA,57               SAO SEBASTIA59215000NOVA CRUZ      RN                               I42      00 000133
1020769242500015845430981859601300398000000000000000000000023300000000000000 40200000000000000000    000000501000000341128012100000000055000330000001N251220000000000000000182801210000000000000000000000000000000000000000100002117493467RITA DE CASSIA RODRIGUES DE MACEDO DE M FAZENDA LAPA,0                          ZONA RURAL  59215000NOVA CRUZ      RN                               I42      00 000134
1020769242500015845430981859601300398000000000000000000000023400000000000000 40200000000000000000    000000501000000574228122000000000055000330000001N251120000000000000000182812200000000000000000000000000000000000000000100012446510442MARIA DA PIEDADE ZACARIAS DA SILVA      RUA MARIA LEDA MOUZINHO,837                         59215000NOVA CRUZ      RN                               I42      00 000135
1020769242500015845430981859601300398000000000000000000000023500000000000000 40200000000000000000    000000501000000574228012100000000027500330000001N251220000000000000000092801210000000000000000000000000000000000000000100012446510442MARIA DA PIEDADE ZACARIAS DA SILVA      RUA MARIA LEDA MOUZINHO,837                         59215000NOVA CRUZ      RN                               I42      00 000136
1020769242500015845430981859601300398000000000000000000000023600000000000000 40200000000000000000    000000501000000290205022100000000055000330000001N250121000000000000000180502210000000000000000000000000000000000000000100006381182474PRISCILA SANTOS DA SILVA                RUA ANTONIO GALDINO DA COSTA,285        NOVA E      59215000NOVA CRUZ      RN                               I42      00 000137
1020769242500015845430981859601300398000000000000000000000023700000000000000 40200000000000000000    000000501000000602110012100000000055000330000001N251220000000000000000181001210000000000000000000000000000000000000000100003079181492JOAO BATISTA ESTEVAN                    RUA FREI ALBERTO CABRAL,274                         59215000NOVA CRUZ      RN                               I42      00 000138
1020769242500015845430981859601300398000000000000000000000023800000000000000 40200000000000000000    000000501000000660620012100000000055000330000001N251220000000000000000182001210000000000000000000000000000000000000000100094224293404GLEIDA ALVES CABRAL DE SOUZA            RUA SEVERINO AUGUSTO DE MORAIS,11       PLANA       59215000NOVA CRUZ      RN                               I42      00 000139
1020769242500015845430981859601300398000000000000000000000023900000000000000 40200000000000000000    000000501000000906320012100000000055000330000001N251220000000000000000182001210000000000000000000000000000000000000000100003578893471VANESSA GALDINO DA SILVA                RUA ANTONIO ALVES FLOR,775              SAO SEBASTIA59215000NOVA CRUZ      RN                               I42      00 000140
1020769242500015845430981859601300398000000000000000000000024000000000000000 40200000000000000000    000000501000000024715012100000000050000330000001N251220000000000000000171501210000000000000000000000000000000000000000100013187236472LUIZ BORGES CARVALHO                    RUA CAPITAO JOSE DA PENHA,468           SAO SEBAS   59215000NOVA CRUZ      RN                               I42      00 000141
1020769242500015845430981859601300398000000000000000000000024100000000000000 40200000000000000000    000000501000000024720012100000000050000330000001N251220000000000000000172001210000000000000000000000000000000000000000100013187236472LUIZ BORGES CARVALHO                    RUA CAPITAO JOSE DA PENHA,468           SAO SEBAS   59215000NOVA CRUZ      RN                               I42      00 000142
1020769242500015845430981859601300398000000000000000000000024200000000000000 40200000000000000000    000000501000000626305022100000000055000330000001N250121000000000000000180502210000000000000000000000000000000000000000100005759538454CLAUDIA MARIA VICENTE DA SILVA          RUA LUIZ ANTONIO BARBOSA,05                         59215000NOVA CRUZ      RN                               I42      00 000143
1020769242500015845430981859601300398000000000000000000000024300000000000000 40200000000000000000    000000501000000836505022100000000055000330000001N250121000000000000000180502210000000000000000000000000000000000000000100000099932741MARIA DE FATIMA DA COSTA MELLO          RUA SEVERINO FREIRE BARBOSA,23          PLANALTO    59215000NOVA CRUZ      RN                               I42      00 000144
1020769242500015845430981859601300398000000000000000000000024400000000000000 40200000000000000000    000000501000000072105022100000000055000330000001N250121000000000000000180502210000000000000000000000000000000000000000100012542981850MARIA LUCIA MARTINS DA SILVA            JOAO GOUVEIA DA SILVA,446               CONJ IPE    59215000NOVA CRUZ      RN                               I42      00 000145
1020769242500015845430981859601300398000000000000000000000024500000000000000 40200000000000000000    000000501000000493212022100000000055000330000001N250121000000000000000181202210000000000000000000000000000000000000000100009904183406CARLA DAYANNA RIBEIRO CALDAS            RUA SARGENTO PINHEIRO,247               FREI DAMIAO 59215000NOVA CRUZ      RN                               I42      00 000146
1020769242500015845430981859601300398000000000000000000000024600000000000000 40200000000000000000    000000501000000748320012100000000055000330000001N251220000000000000000182001210000000000000000000000000000000000000000100069553890415MARCOS AURELIO BARBOSA                  RUA CARLOS ADSON BARBOSA,227            PLANALTO    59215000NOVA CRUZ      RN                               I42      00 000147
1020769242500015845430981859601300398000000000000000000000024700000000000000 40200000000000000000    000000501000000205015012100000000055000330000001N251220000000000000000181501210000000000000000000000000000000000000000100008248937437ADJON DA ROCHA RODRIGUES                RUA JORGE FELIPE DA SILVA,40            CENTRO      59215000NOVA CRUZ      RN                               I42      00 000148
1020769242500015845430981859601300398000000000000000000000024800000000000000 40200000000000000000    000000501000000516901022100000000055000330000001N251220000000000000000180102210000000000000000000000000000000000000000100006539770421FERNANDO FELIX DE SOUSA PEREIRA         RUA JOSE MARTINS,336                    POTAL DO AGR59215000NOVA CRUZ      RN                               I42      00 000149
1020769242500015845430981859601300398000000000000000000000024900000000000000 40200000000000000000    000000501000000853920012100000000055000330000001N251220000000000000000182001210000000000000000000000000000000000000000100070084802456JEFFERSON GONCALO DA SILVA              RUA SEVERINO FREIRE BARBOSA,14          PLANALTO    59215000NOVA CRUZ      RN                               I42      00 000150
1020769242500015845430981859601300398000000000000000000000025000000000000000 40200000000000000000    000000501000000845305022100000000055000330000001N250121000000000000000180502210000000000000000000000000000000000000000100003440235750MARIA DE FATIMA SILVA                   RUA MARIA DE LOURDES ALVES PEREIRA,07   P           59215000NOVA CRUZ      RN                               I42      00 000151
1020769242500015845430981859601300398000000000000000000000025100000000000000 40200000000000000000    000000501000000034601022100000000055000330000001N251220000000000000000180102210000000000000000000000000000000000000000100025548069772JACINTO NOGUEIRA DA SILVA               RUA 18 DE ABRIL,49                      SAO SEBASTIA59215000NOVA CRUZ      RN                               I42      00 000152
1020769242500015845430981859601300398000000000000000000000025200000000000000 40200000000000000000    000000501000000537505022100000000055000330000001N250121000000000000000180502210000000000000000000000000000000000000000100036592765453MARIA JOSE DA SILVA PAZ                 RUA PRACA ANTONIO BASILIO DE MELO,176   F           59215000NOVA CRUZ      RN                               I42      00 000153
1020769242500015845430981859601300398000000000000000000000025300000000000000 40200000000000000000    000000501000000787605022100000000055000330000001N250121000000000000000180502210000000000000000000000000000000000000000100008515604400ADRIANO SILVA                           RUA ASSIS CHATEAUBRIAND,0               SAO SEBASTIA59215000NOVA CRUZ      RN                               I42      00 000154
1020769242500015845430981859601300398000000000000000000000025400000000000000 40200000000000000000    000000501000000154401022100000000055000330000001N251220000000000000000180102210000000000000000000000000000000000000000100009285390404RAYANE CAMILA DA SILVA                  RUA FRANCISCO LINS DE ALBUQUERQUE,18    CE          59215000NOVA CRUZ      RN                               I42      00 000155
1020769242500015845430981859601300398000000000000000000000025500000000000000 40200000000000000000    000000501000000899105022100000000055000330000001N250121000000000000000180502210000000000000000000000000000000000000000100013102098479RUTH PEREIRA DA SILVA                   RUA MARIA DE LOURDES ALVES PEREIRA,26   P           59215000NOVA CRUZ      RN                               I42      00 000156
1020769242500015845430981859601300398000000000000000000000025600000000000000 40200000000000000000    000000501000000662401022100000000060000330000001N251220000000000000000200102210000000000000000000000000000000000000000100004567608496DENNER FARNEY ALVES DE MELO             RUA SENADOR GEORGINO AVELINO,0          SAO SEBA    59215000NOVA CRUZ      RN                               I42      00 000157
1020769242500015845430981859601300398000000000000000000000025700000000000000 40200000000000000000    000000501000000613910012100000000055000330000001N251220000000000000000181001210000000000000000000000000000000000000000100008441891702FAGNER DOS SANTOS                       RUA JOAO AMARO DE OLIVEIRA,340          SANTA MA    59215000NOVA CRUZ      RN                               I42      00 000158
1020769242500015845430981859601300398000000000000000000000025800000000000000 40200000000000000000    000000501000000040928022100000000060000330000001N250121000000000000000202802210000000000000000000000000000000000000000100040671828487MARIZETE SOARES DE OLIVEIRA             RUA JOAO LUCIO DE CARVALHO,104          SAO SEBA    59215000NOVA CRUZ      RN                               I42      00 000159
1020769242500015845430981859601300398000000000000000000000025900000000000000 40200000000000000000    000000501000000640620012100000000055000330000001N251220000000000000000182001210000000000000000000000000000000000000000100001042642419ELDA JACIANE DO NASCIMENTO PEREIRA      RUA FRANCISCO DE ASSIS SOARES,26        SANTA       59215000NOVA CRUZ      RN                               I42      00 000160
1020769242500015845430981859601300398000000000000000000000026000000000000000 40200000000000000000    000000501000000594805022100000000055000330000001N250121000000000000000180502210000000000000000000000000000000000000000100049697625468EZEQUIEL GERALDO DA SILVA               RUA MIZAEL SALES,26                     CENTRO      59215000NOVA CRUZ      RN                               I42      00 000161
1020769242500015845430981859601300398000000000000000000000026100000000000000 40200000000000000000    000000501000000755005022100000000055000330000001N250121000000000000000180502210000000000000000000000000000000000000000100002821101783PAULO GOMES TEIXEIRA                    RUA VEREADOR RENATO JOSE DE MELO,432    PL          59215000NOVA CRUZ      RN                               I42      00 000162
1020769242500015845430981859601300398000000000000000000000026200000000000000 40200000000000000000    000000501000000338205022100000000055000330000001N250121000000000000000180502210000000000000000000000000000000000000000100087516179434MARIA JOSE DA SILVA                     RUA SENADOR GEORGINO AVELINO,1180       SAO S       59215000NOVA CRUZ      RN                               I42      00 000163
1020769242500015845430981859601300398000000000000000000000026300000000000000 40200000000000000000    000000501000000622210022100000000055000330000001N250121000000000000000181002210000000000000000000000000000000000000000100008828191430FERNANDA MARTINS DA SILVA               JOAO AMARO DE OLIVEIRA,293              NOVA ESPERAN59215000NOVA CRUZ      RN                               I42      00 000164
1020769242500015845430981859601300398000000000000000000000026400000000000000 40200000000000000000    000000501000000253205022100000000055000330000001N250121000000000000000180502210000000000000000000000000000000000000000100005827503428SIDYANE DE MACEDO LIMA                  PRACA BARAO DO RIO BRANCO,284           CENTRO      59215000NOVA CRUZ      RN                               I42      00 000165
1020769242500015845430981859601300398000000000000000000000026500000000000000 40200000000000000000    000000501000000628505022100000000055000330000001N250121000000000000000180502210000000000000000000000000000000000000000100020150504420LUZINETE GUEDES DA SILVA                RUA 25 DE DEZEMBRO,95                   ANTONIO PEIX59215000NOVA CRUZ      RN                               I42      00 000166
1020769242500015845430981859601300398000000000000000000000026600000000000000 40200000000000000000    000000501000000335001022100000000055000330000001N251220000000000000000180102210000000000000000000000000000000000000000100004574853450MAURICIO DE ARAUJO MOREIRA              RUA DJALMA DUTRA,199                    CENTRO      59215000NOVA CRUZ      RN                               I42      00 000167
1020769242500015845430981859601300398000000000000000000000026700000000000000 40200000000000000000    000000501000000566520012100000000055000330000001N251220000000000000000182001210000000000000000000000000000000000000000100001820643441JUSCILENE DA SILVA BENEDITO             RUA JOAO BALBINO,101                    VISTA DO SOL59215000NOVA CRUZ      RN                               I42      00 000168
1020769242500015845430981859601300398000000000000000000000026800000000000000 40200000000000000000    000000501000000085010022100000000055000330000001N250121000000000000000181002210000000000000000000000000000000000000000100001687111413ARTHUR ESTEVAM DE SOUZA                 RUA GERALDO PEIXOTO MARIANO,26          PLANALTO    59215000NOVA CRUZ      RN                               I42      00 000169
1020769242500015845430981859601300398000000000000000000000026900000000000000 40200000000000000000    000000501000000568605012100000000055000330000001N251220000000000000000180501210000000000000000000000000000000000000000100025756860835ISABEL CRISTINA FREIRE DO VALE          RUA JORGE MENDES BARBOSA,640            FREI DAMIA  59215000NOVA CRUZ      RN                               I42      00 000170
1020769242500015845430981859601300398000000000000000000000027000000000000000 40200000000000000000    000000501000000099601022100000000115000330000001N251220000000000000000380102210000000000000000000000000000000000000000100083465510704FRANCISCO GEORGES CHAGAS FERREIRA       DEP DJALMA MARINHO,98                   SAO SEBASTIA59215000NOVA CRUZ      RN                               I42      00 000171
1020769242500015845430981859601300398000000000000000000000027100000000000000 40200000000000000000    000000501000000382601022100000000055000330000001N251220000000000000000180102210000000000000000000000000000000000000000100097098930415ELIETA BARBOSA DA SILVA                 RUA JOAO GOUVEIA,07                     ALTO DAS FLO59215000NOVA CRUZ      RN                               I42      00 000172
1020769242500015845430981859601300398000000000000000000000027200000000000000 40200000000000000000    000000501000000505201022100000000055000330000001N251220000000000000000180102210000000000000000000000000000000000000000100006620269427MARIA DAS GRACAS CAVALCANTE SILVA       RUA PANTALEAO JUSTINO DE LIMA,396       PLANA       59215000NOVA CRUZ      RN                               I42      00 000173
1020769242500015845430981859601300398000000000000000000000027300000000000000 40200000000000000000    000000501000000528728012100000000055000330000001N251220000000000000000182801210000000000000000000000000000000000000000100008870778460ANA CATARINA MOUSINHO DA SILVA          RUA ANTONIO PEDRO DE CARVALHO,39        CEDRON      59215000NOVA CRUZ      RN                               I42      00 000174
1020769242500015845430981859601300398000000000000000000000027400000000000000 40200000000000000000    000000501000000081909022100000000050000330000001N250121000000000000000170902210000000000000000000000000000000000000000100007504848450SUELY DOS SANTOS LIMA                   RUA FRANCISCO CORDEIRO DO VALE,02       PLANA       59215000NOVA CRUZ      RN                               I42      00 000175
1020769242500015845430981859601300398000000000000000000000027500000000000000 40200000000000000000    000000501000000817405022100000000055000330000001N250121000000000000000180502210000000000000000000000000000000000000000100047224533491AUREA FRANCISCA DE ALENCAR              RUA FRANCISCO CORDEIRO DO VALE,2        PLANAL      59215000NOVA CRUZ      RN                               I42      00 000176
1020769242500015845430981859601300398000000000000000000000027600000000000000 40200000000000000000    000000501000000838720012100000000055000330000001N251220000000000000000182001210000000000000000000000000000000000000000100009791494444JOSE RONALDO DO NASCIMENTO ARAUJO       RUA JOSE DUARTE DE OLIVEIRA,160         SAO SEB     59215000NOVA CRUZ      RN                               I42      00 000177
1020769242500015845430981859601300398000000000000000000000027700000000000000 40200000000000000000    000000501000000890101022100000000060000330000001N251220000000000000000200102210000000000000000000000000000000000000000100053784278434MARIA JOSEFA ANTERO BARBOSA             RUAJOAO GOUVEIA DA SILVA,189            ALTO DAS F  59215000NOVA CRUZ      RN                               I42      00 000178
1020769242500015845430981859601300398000000000000000000000027800000000000000 40200000000000000000    000000501000000620215012100000000050000330000001N251220000000000000000171501210000000000000000000000000000000000000000100011257529471PAULO SERGIO DA SILVA JUNIOR            RUA DEPUTADO MARCIO MARINHO,217         PLANALT     59215000NOVA CRUZ      RN                               I42      00 000179
1020769242500015845430981859601300398000000000000000000000027900000000000000 40200000000000000000    000000501000000198910012100000000050000330000001N251220000000000000000171001210000000000000000000000000000000000000000100053787480463GENILSON VITOR                          SITIO MARANHAO,SN                       ZONA RURAL  59215000NOVA CRUZ      RN                               I42      00 000180
1020769242500015845430981859601300398000000000000000000000028000000000000000 40200000000000000000    000000501000000797115012100000000055000330000001N251220000000000000000181501210000000000000000000000000000000000000000100003030388450IVONETE DA SILVA DE SOUZA               RUA ANTONIO CRISANTO DA COSTA,132       PLANA       59215000NOVA CRUZ      RN                               I42      00 000181
1020769242500015845430981859601300398000000000000000000000028100000000000000 40200000000000000000    000000501000000613210012100000000055000330000001N251220000000000000000181001210000000000000000000000000000000000000000100002147609447ELIENE GOMES DE LIMA PRUDENCIO          RUA JOSE MARQUES MOREIRA,310            ALTO DAS F  59215000NOVA CRUZ      RN                               I42      00 000182
1020769242500015845430981859601300398000000000000000000000028200000000000000 40200000000000000000    000000501000000911720012100000000050000330000001N251220000000000000000172001210000000000000000000000000000000000000000100003336783461MARIA DO CEU ANSELMO DE SOUZA           RUA 2 DE FEVEREIRO,346                  SALGADO     59215000NOVA CRUZ      RN                               I42      00 000183
1020769242500015845430981859601300398000000000000000000000028300000000000000 40200000000000000000    000000501000000198801022100000000050000330000001N251220000000000000000170102210000000000000000000000000000000000000000100056716079491MARIA DE LOURDES MATIAS                 JOSE ALEXANDRINO DA SILVA,141           CIDADE DO   59215000NOVA CRUZ      RN                               I42      00 000184
1020769242500015845430981859601300398000000000000000000000028400000000000000 40200000000000000000    000000501000000492310022100000000075000330000001N250121000000000000000251002210000000000000000000000000000000000000000100026141744400ANTONIO BARBOSA                         RUA VEREADOR SEVERINO ALVES DA SILVA,20             59215000NOVA CRUZ      RN                               I42      00 000185
1020769242500015845430981859601300398000000000000000000000028500000000000000 40200000000000000000    000000501000000495801022100000000055000330000001N251220000000000000000180102210000000000000000000000000000000000000000100001556611404ADRIANA DA SILVA SANTOS                 RUA ADAUTO DE CARVALHO,11               CENTRO      59215000NOVA CRUZ      RN                               I42      00 000186
1020769242500015845430981859601300398000000000000000000000028600000000000000 40200000000000000000    000000501000000682015012100000000055000330000001N251220000000000000000181501210000000000000000000000000000000000000000100096675039415SUELI RODRIGUES ALVES                   RUA JOAO GOUVEIA DA SILVA,140           CIDADE DO   59215000NOVA CRUZ      RN                               I42      00 000187
1020769242500015845430981859601300398000000000000000000000028700000000000000 40200000000000000000    000000501000000331115012100000000055000330000001N251220000000000000000181501210000000000000000000000000000000000000000100001081501430ANDREA NUNES COUTINHO                   RUA MANOEL EUFRACIO DA SILVA,69         FREI DA     59215000NOVA CRUZ      RN                               I42      00 000188
1020769242500015845430981859601300398000000000000000000000028800000000000000 40200000000000000000    000000501000000872505022100000000055000330000001N250121000000000000000180502210000000000000000000000000000000000000000100010166694452CARLA RAIANA JANUARIO NASCIMENTO        RUA JOACIR MARTINS DE LIMA,122          SAO JUDA    59215000NOVA CRUZ      RN                               I42      00 000189
1020769242500015845430981859601300398000000000000000000000028900000000000000 40200000000000000000    000000501000000408120012100000000055000330000001N251220000000000000000182001210000000000000000000000000000000000000000100007477654483AMANDA FELIPE DA SILVA                  RUA VINTE CINCO DE DEZEMBRO,07          ANTONIO     59215000NOVA CRUZ      RN                               I42      00 000190
1020769242500015845430981859601300398000000000000000000000029000000000000000 40200000000000000000    000000501000000173601022100000000075000330000001N251220000000000000000250102210000000000000000000000000000000000000000100000066485410ANDRE WEGELLIS DA COSTA NORONHA         JOSE SALUSTIANO BARBOSA,42              CENTRO      59215000NOVA CRUZ      RN                               I42      00 000191
1020769242500015845430981859601300398000000000000000000000029100000000000000 40200000000000000000    000000501000000041905022100000000055000330000001N250121000000000000000180502210000000000000000000000000000000000000000100013151690459PEDRO MARINHO DA SILVA                  RUA OSCAR FIRMINO DE MEDEIROS,10        ALTO D      59215000NOVA CRUZ      RN                               I42      00 000192
1020769242500015845430981859601300398000000000000000000000029200000000000000 40200000000000000000    000000501000000124101022100000000055000330000001N251220000000000000000180102210000000000000000000000000000000000000000100005255369497AMARILDO SANTANA DE OLIVEIRA            RUA PANTALEAO JUSTINO DE LIMA,62        PLANAL      59215000NOVA CRUZ      RN                               I42      00 000193
1020769242500015845430981859601300398000000000000000000000029300000000000000 40200000000000000000    000000501000000106401022100000000075000330000001N251220000000000000000250102210000000000000000000000000000000000000000100022986499449MARIO JACKES FERREIRA DA SILVA          PRES. JUCELINO KAUBISCHEK,26            CENTRO      59215000NOVA CRUZ      RN                               I42      00 000194
1020769242500015845430981859601300398000000000000000000000029400000000000000 40200000000000000000    000000501000000330015012100000000055000330000001N251220000000000000000181501210000000000000000000000000000000000000000100005580673442MARIA LUCIENE DE SANTANA                FRANCISCO CORDEIRO DO VALE,SN           PLANALTO    59215000NOVA CRUZ      RN                               I42      00 000195
1020769242500015845430981859601300398000000000000000000000029500000000000000 40200000000000000000    000000501000000491315012100000000055000330000001N251220000000000000000181501210000000000000000000000000000000000000000100009102961466LORENA LARISSA ALVES DA SILVA           RUA PANTELEAO JUSTINO DE LIMA,73        SANTA       59215000NOVA CRUZ      RN                               I42      00 000196
1020769242500015845430981859601300398000000000000000000000029600000000000000 40200000000000000000    000000501000000164105022100000000055000330000001N250121000000000000000180502210000000000000000000000000000000000000000100022980458449AILTON FRANCISCO DE SANTANA             RUA SILVINO BEZERRA NETO,157            ALTO DAS F  59215000NOVA CRUZ      RN                               I42      00 000197
1020769242500015845430981859601300398000000000000000000000029700000000000000 40200000000000000000    000000501000000510315012100000000055000330000001N251220000000000000000181501210000000000000000000000000000000000000000100064014045404MARIA DE LOURDES PEREIRA DA SILVA       RUA PANTALEAO JUSTINO DE LIMA,274       PLANA       59215000NOVA CRUZ      RN                               I42      00 000198
1020769242500015845430981859601300398000000000000000000000029800000000000000 40200000000000000000    000000501000000357820012100000000055000330000001N251220000000000000000182001210000000000000000000000000000000000000000100008909637463MARIA JOSE GOMES DE PAIVA RODRIGUES     RUA FRANCO DE OLIVEIRA,81               CENTRO      59215000NOVA CRUZ      RN                               I42      00 000199
1020769242500015845430981859601300398000000000000000000000029900000000000000 40200000000000000000    000000501000000683520012100000000055000330000001N251220000000000000000182001210000000000000000000000000000000000000000100007592432471MARCONI SILVA DE OLIVEIRA               RUA CONEGO LUIZ ADOLFO,562              MARIA GORETE59215000NOVA CRUZ      RN                               I42      00 000200
1020769242500015845430981859601300398000000000000000000000030000000000000000 40200000000000000000    000000501000000056105022100000000055000330000001N250121000000000000000180502210000000000000000000000000000000000000000100031552927415WELLINGTON MARCELINO DE BRITO           MARECHAL DUTRA,828                      CENTRO      59215000NOVA CRUZ      RN                               I42      00 000201
1020769242500015845430981859601300398000000000000000000000030100000000000000 40200000000000000000    000000501000000214905022100000000055000330000001N250121000000000000000180502210000000000000000000000000000000000000000100011592040470MATEUS OLIVEIRA VIRGILIO                RUA 18 DE ABRIL,28                      SAO SEBASTIA59215000NOVA CRUZ      RN                               I42      00 000202
1020769242500015845430981859601300398000000000000000000000030200000000000000 40200000000000000000    000000501000000851010012100000000055000330000001N251220000000000000000181001210000000000000000000000000000000000000000100008874518455JOSAFA ESTEVAM                          RUA DOUTOR GALDINO LIMA,116                         59215000NOVA CRUZ      RN                               I42      00 000203
1020769242500015845430981859601300398000000000000000000000030300000000000000 40200000000000000000    000000501000000675205022100000000055000330000001N250121000000000000000180502210000000000000000000000000000000000000000100086152688868MANOEL PEDRO DE TORRES                  SITIO CATOLE,0                          ZONA RURAL  59215000NOVA CRUZ      RN                               I42      00 000204
1020769242500015845430981859601300398000000000000000000000030400000000000000 40200000000000000000    000000501000000062705022100000000048000330000001N250121000000000000000160502210000000000000000000000000000000000000000100005964965407PRISCILLA RAFAELA DA SILVA              RUA JOSE COUTINHO DE OLIVEIRA,60        SAO SE      59215000NOVA CRUZ      RN                               I42      00 000205
1020769242500015845430981859601300398000000000000000000000030500000000000000 40200000000000000000    000000501000000380015022100000000055000330000001N250121000000000000000181502210000000000000000000000000000000000000000100066082196449JOAO GUTENBERG SILVA TOSCANO            RUA CAPITAO JOSE DA PENHA,51            CENTRO      59215000NOVA CRUZ      RN                               I42      00 000206
1020769242500015845430981859601300398000000000000000000000030600000000000000 40200000000000000000    000000501000000949805012100000000031170330000001N191220000000000000000100501210000000000000000000000000000000000000000100001195078463JEANE XAVIER DA COSTA                   RUA BOM JESUS,773                       PORTAL DO AG59215000NOVA CRUZ      RN                               I42      00 000207
1020769242500015845430981859601300398000000000000000000000030700000000000000 40200000000000000000    000000501000000918105022100000000055000330000001N250121000000000000000180502210000000000000000000000000000000000000000100070097423408JESSICA CASSSIANO DA ROCHA              RUA VEREADOR JOAO PIMENTA DE MELO,345   F           59215000NOVA CRUZ      RN                               I42      00 000208
1020769242500015845430981859601300398000000000000000000000030800000000000000 40200000000000000000    000000501000000034605022100000000055000330000001N250121000000000000000180502210000000000000000000000000000000000000000100025548069772JACINTO NOGUEIRA DA SILVA               RUA 18 DE ABRIL,49                      SAO SEBASTIA59215000NOVA CRUZ      RN                               I42      00 000209
9000210000000118431500000000000000000000000000000000000000000000000000000000000000000000000000000000000000000000000000000000000000000000000000000000000000000000000000000000000000000000000000000000000000000000000000000000000000000000000000000000000000000000000000000000000000000000000000000000000000000000000000000000000000000000000000000000000000000000000000000000000000000000000000000000000000000210