01REMESSA01COBRANCA       45430981859601300398INTELNET SERVICO DE MULTIMIDIA033SANTANDER      2110220000000000000000                                                                                                                                                                                                                                                                                   000000001
1020769242500015845430981859601300398000000000000000000000010103669149000000 40200000000000000000    000000501000000856824102200000000001000330000001N211022000000000000000002410220000000000000000000000000000000000000000100070156709414ISABELLE DA SILVA OLIVEIRA              RUA ASSIS CHATEAUBRIAND,1530            FREI DAMIA  59215000NOVA CRUZ      RN                               I42      00 000002
1020769242500015845430981859601300398000000000000000000000010203669157000000 40200000000000000000    000000501000000856924102200000000001000330000001N211022000000000000000002410220000000000000000000000000000000000000000100070156709414ISABELLE DA SILVA OLIVEIRA              RUA ASSIS CHATEAUBRIAND,1530            FREI DAMIA  59215000NOVA CRUZ      RN                               I42      00 000003
1020769242500015845430981859601300398000000000000000000000010303669165000000 40200000000000000000    000000501000000857024102200000000001000330000001N211022000000000000000002410220000000000000000000000000000000000000000100070156709414ISABELLE DA SILVA OLIVEIRA              RUA ASSIS CHATEAUBRIAND,1530            FREI DAMIA  59215000NOVA CRUZ      RN                               I42      00 000004
9000005000000000030000000000000000000000000000000000000000000000000000000000000000000000000000000000000000000000000000000000000000000000000000000000000000000000000000000000000000000000000000000000000000000000000000000000000000000000000000000000000000000000000000000000000000000000000000000000000000000000000000000000000000000000000000000000000000000000000000000000000000000000000000000000000000000005