01REMESSA01COBRANCA       45430981859601300398INTELNET SERVICO DE MULTIMIDIA033SANTANDER      2610220000000000000000                                                                                                                                                                                                                                                                                   000000001
1020769242500015845430981859601300398000000000000000000000010103669149000000 40200000000000000000    000000501000000856828102200000000001000330000001N261022000000000000000002810220000000000000000000000000000000000000000100070156709414ISABELLE DA SILVA OLIVEIRA              RUA ASSIS CHATEAUBRIAND,1530            FREI DAMIA  59215000NOVA CRUZ      RN                               I42      00 000002
9000003000000000010000000000000000000000000000000000000000000000000000000000000000000000000000000000000000000000000000000000000000000000000000000000000000000000000000000000000000000000000000000000000000000000000000000000000000000000000000000000000000000000000000000000000000000000000000000000000000000000000000000000000000000000000000000000000000000000000000000000000000000000000000000000000000000003