02RETORNO01COBRANCA       00000000000007891680INTELNET SERVICO DE MULTIMIDIA237       BRADESCO1011220000000000000                                                                                                                                                                                                                                                                          111122         000001
10207692425000158000454313003984130030000000000000000000000101000000000000036887470000000000000000000000000506101122000000214300000000000003688747151122000000000500003300000  000000000005000000000000000000000000000000000000000000000000000000000000000000000000000500000000000000000000000000000   111122                                                                                             000002
9201033          000000000000000000000000000000          00000000000000000000000005000000010000000050000000000000000000000000000000000000000000000000000000000000000000000000000000000000000                                                                                                                                                                              00000000000000000000000         000003