02RETORNO01COBRANCA       00000000000007891680INTELNET SERVICO DE MULTIMIDIA237       BRADESCO1101220000000000000                                                                                                                                                                                                                                                                          201022         000001
10207692425000158000454313003984130030000000000000000000006063000000000000000001160000000000000000000000000502110122000000606300000000000000000116200122000000000100003345438  000000000000000000000000000000000000000000000000000000000000000000000000000000000000000000000000000000000000000000000   110122                 0000000000                                                                  000002
9201033          000000010000000000100000000001          00001000000001000000000000000000000000000000000000000000000000000000000000000000000000000000000000000000000000000000000000000000000                                                                                                                                                                              00000000000000000000000         000003