02RETORNO01COBRANCA       00000000000007891680INTELNET SERVICO DE MULTIMIDIA237BRADESCO       0401220000000000000                                                                                                                                                                                                                                                                          261122         000001
10207692425000158000454313003984130030000000000000000000006052000000000000000001080000000000000000000000000502040122000000605200000000000000000108150122000000000100003345438  000000000000000000000000000000000000000000000000000000000000000000000000000000000000000000000000000000000000000000000   040122                 0000000000                                                                  000002
9201033          000000000000000000000000000000          00001000000001000000000000000000000000000000000000000000000000000000000000000000000000000000000000000000000000000000000000000000000                                                                                                                                                                              00000000000000000000000         000003